<?xml version="1.0" encoding="UTF-8"?><record xmlns="http://www.loc.gov/MARC21/slim" xmlns:cinclude="http://apache.org/cocoon/include/1.0" xmlns:zs="http://www.loc.gov/zing/srw/">
  <leader>00511cz  a2200145n  4500</leader>
  <controlfield tag="001">no2004119939</controlfield>
  <controlfield tag="003">DLC</controlfield>
  <controlfield tag="005">20081008081300.0</controlfield>
  <controlfield tag="008">041210n| acannaabn          |a aaa     c</controlfield>
  <datafield tag="010" ind1=" " ind2=" ">
    <subfield code="a">no2004119939</subfield>
  </datafield>
  <datafield tag="035" ind1=" " ind2=" ">
    <subfield code="a">(OCoLC)oca06514163</subfield>
  </datafield>
  <datafield tag="040" ind1=" " ind2=" ">
    <subfield code="a">NN</subfield>
    <subfield code="b">eng</subfield>
    <subfield code="c">NN</subfield>
    <subfield code="d">DLC</subfield>
  </datafield>
  <datafield tag="100" ind1="1" ind2=" ">
    <subfield code="a">Oparaugo, Benedict N.</subfield>
  </datafield>
  <datafield tag="400" ind1="1" ind2=" ">
    <subfield code="a">Oparaugo, Ben N.</subfield>
  </datafield>
  <datafield tag="670" ind1=" " ind2=" ">
    <subfield code="a">Igbo kola-nut ritual and the eucharistic liturgy inculturation? 2004</subfield>
    <subfield code="b">cover (Benedict N. Oparaugo) foreword ("Fr. Ben N. Oparaugo, priest of the Archdiocese of Owerri, Nigeria")</subfield>
  </datafield>
</record>